@inbook{gill_runciman_2007, 
title={Haskell program coverage}, DOI={10.1145/1291201.1291203},
author={Gill, Andy and Runciman, Colin}, 
year={2007}}

@article{li_zhao_zhang_2018, 
title={Fuzzing: a survey}, 
volume={1},
ISSN={2523-3246}, url={https://dx.doi.org/10.1186/s42400-018-0002-y}, DOI={10.1186/s42400-018-0002-y},
number={1}, 
journal={Cybersecurity}, 
publisher={Cybersecurity}, 
author={Li, Jun and Zhao, Bodong and Zhang, Chao}, year={2018}}

@article{harel_naamad_1996,
title={The STATEMATE semantics of statecharts}, volume={5},
ISSN={1049-331X}, 
DOI={10.1145/235321.235322}, 
number={4}, 
journal={ACM Transactions on Software Engineering and Methodology},
publisher={ACM Transactions on Software Engineering and Methodology},
author={Harel, David and Naamad, Amnon},
year={1996}, 
pages={293–333}}

@article{harel_1987, 
title={Statecharts: a visual formalism for complex systems}, 
volume={8},
ISSN={0167-6423},
DOI={10.1016/0167-6423(87)90035-9}, 
number={3}, 
journal={Science of Computer Programming}, publisher={Science of Computer Programming}, author={Harel, David}, 
year={1987}, 
pages={231–274}}

@article{ke_wang,
 author = {Ke Wang},
 title = {Exploring Petri net concepts through formalization in Alloy},
 school = {Universität Duisburg-Essen},
 year = {2019},
 type = {Bachelorthesis}
}

@article{jun_hao_tan,
 author = {Jun Hao Tan},
 title = {Modelling and Visualizing UML State Diagrams in Haskell},
 school = {Universität Duisburg-Essen},
 year = {2021},
 type = {Bachelorthesis}
}

@online{state_machine_diagram,
title = {state machine diagram - uml 2 tutorial | sparx systems_2021},
url={https://sparxsystems.com/resources/tutorials/uml2/state-diagram.html}, journal={Sparxsystems.com},
year={2021}}

@book{miles_hamilton_2008, 
place={Sebastopol},
title={Learning UML 2.0},
publisher={O'Reilly Media, Inc.}, author={Miles, Russ and Hamilton, Kim},
year={2008}}

@online{UML, 
title = {unified modeling language - wikipedia_2021},
url={https://en.wikipedia.org/wiki/Unified_Modeling_Language},
journal={En.wikipedia.org},
year={2021}}

@inbook{claessen_hughes_2000, title={QuickCheck}, DOI={10.1145/351240.351266}, 
author={Claessen, Koen and Hughes, John}, year={2000}}

@online{quickcheck,
title ={test.quickcheck_2021}, url={https://hackage.haskell.org/package/QuickCheck-2.14.2/docs/Test-QuickCheck.html}, journal={Hackage.haskell.org},
year={2021}}


@inproceedings{10.1007/978-3-030-35629-3_8,
	address = {Cham},
	author = {Kafa, Violet and Siegburg, Marcellus and Voigtl{\"a}nder, Janis},
	booktitle = {ICT Education},
	editor = {Tait, Bobby and Kroeze, Jan and Gruner, Stefan},
	pages = {112--128},
	publisher = {Springer International Publishing},
	title = {Exercise Task Generation for UML Class/Object Diagrams, via Alloy Model Instance Finding},
	year = {2020}}

@inproceedings{siegburg2020generating,
  title={Generating Diverse Exercise Tasks on UML Class and Object Diagrams, Using Formalisations in Alloy.},
  author={Siegburg, Marcellus and Voigtl{\"a}nder, Janis},
  booktitle={Modellierung (Companion)},
  pages={89--100},
  year={2020}
}

@misc{zou/Yiwei2021,
title = {Verification of UML State Diagrams using a Model Checker},
url={https://www.cs.uwlax.edu/programs/graduate-mse/yiwei-zou/Yiwei%20Zou.pdf},
year={2021}}

@inbook{börger_cavarra_riccobene_2000, 
title={Modeling the Dynamics of UML State Machines}, 
ISSN={0302-9743}, 
DOI={10.1007/3-540-44518-8_13},
booktitle={Lecture Notes in Computer Science}, publisher={Lecture Notes in Computer Science},
author={Börger, Egon and Cavarra, Alessandra and Riccobene, Elvinia}, year={2000},
pages={223–241}}

@article{mista_russo_hughes_2018, title={Branching processes for QuickCheck generators}, volume={53}, ISSN={0362-1340}, DOI={10.1145/3299711.3242747}, number={7}, journal={ACM SIGPLAN Notices}, publisher={ACM SIGPLAN Notices}, author={Mista, Agustín and Russo, Alejandro and Hughes, John}, year={2018}, pages={1–13}}